@comment{x-kbibtex-encoding=utf-8}

@comment{x-kbibtex-personnameformatting=<%l><, %f>}

@article{Bayesian_Network_Classifiers,
	author = "Friedman, Nir and Geiger, Dan and Goldszmidt, Moises",
	journal = "Machine Learning",
	number = "29",
	pages = "131–163",
	publisher = "Kluwer Academic Publishers",
	title = "{Bayessian Network Classifiers}",
	year = "1997"
}

@article{RWeka,
	author = "Kurt Hornik",
	journal = "RWeka documentation",
	title = "Package ‘RWeka’",
	year = "2013"
}

@article{Bayes,
	author = "Kurt Hornik",
	journal = "RWeka documentation",
	title = "Package ‘RWeka’",
	year = "2013"
}
